@article{Schneider15,
	doi = {10.1088/1475-7516/2015/12/049},

	url = {https://doi.org/10.1088%2F1475-7516%2F2015%2F12%2F049},

	year = 2015,
	month = {dec},

	publisher = {{IOP} Publishing},

	volume = {2015},

	number = {12},

	pages = {049--049},

	author = {Aurel Schneider and Romain Teyssier},

	title = {A new method to quantify the effects of baryons on the matter power spectrum},

	journal = {Journal of Cosmology and Astroparticle Physics}
}

@article{Mead21,
	doi = {10.1093/mnras/stab082},

	url = {https://doi.org/10.1093%2Fmnras%2Fstab082},

	year = 2021,
	month = {jan},

	publisher = {Oxford University Press ({OUP})},

	volume = {502},

	number = {1},

	pages = {1401--1422},

	author = {A J Mead and S Brieden and T Tröster and C Heymans},

	title = {HMCODE-2020: improved modelling of non-linear cosmological power spectra with baryonic feedback},

	journal = {Monthly Notices of the Royal Astronomical Society}
}

@article{Koukoufilippas20,
	doi = {10.1093/mnras/stz3351},

	url = {https://doi.org/10.1093%2Fmnras%2Fstz3351},

	year = 2019,
	month = {dec},

	publisher = {Oxford University Press ({OUP})},

	volume = {491},

	number = {4},

	pages = {5464--5480},

	author = {Nick Koukoufilippas and David Alonso and Maciej Bilicki and John A Peacock},

	title = {Tomographic measurement of the intergalactic gas pressure through galaxy{\textendash}{tSZ} cross-correlations},

	journal = {Monthly Notices of the Royal Astronomical Society}
}

@article{Yan21,
	doi = {10.1051/0004-6361/202140568},

	url = {https://doi.org/10.1051%2F0004-6361%2F202140568},

	year = 2021,
	month = {jul},

	publisher = {{EDP} Sciences},

	volume = {651},

	pages = {A76},

	author = {Ziang Yan and Ludovic van Waerbeke and Tilman Tröster and Angus H. Wright and David Alonso and Marika Asgari and Maciej Bilicki and Thomas Erben and Shiming Gu and Catherine Heymans and Hendrik Hildebrandt and Gary Hinshaw and Nick Koukoufilippas and Arun Kannawadi and Konrad Kuijken and Alexander Mead and HuanYuan Shan},

	title = {Probing galaxy bias and intergalactic gas pressure with {KiDS} Galaxies-{tSZ}-{CMB} lensing cross-correlations},

	journal = {Astronomy {\&}amp$\mathsemicolon$ Astrophysics}
}

@article{McCarthy21,
	doi = {10.1103/physrevd.103.103515},

	url = {https://doi.org/10.1103%2Fphysrevd.103.103515},

	year = 2021,
	month = {may},

	publisher = {American Physical Society ({APS})},

	volume = {103},

	number = {10},

	author = {Fiona McCarthy and Mathew S. Madhavacheril},

	title = {Improving models of the cosmic infrared background using {CMB} lensing mass maps},

	journal = {Physical Review D}
}

@article{Bhattacharya13,
	doi = {10.1088/0004-637x/766/1/32},

	url = {https://doi.org/10.1088%2F0004-637x%2F766%2F1%2F32},

	year = 2013,
	month = {mar},

	publisher = {American Astronomical Society},

	volume = {766},

	number = {1},

	pages = {32},

	author = {Suman Bhattacharya and Salman Habib and Katrin Heitmann and Alexey Vikhlinin},

	title = {{DARK} {MATTER} {HALO} {PROFILES} {OF} {MASSIVE} {CLUSTERS}: {THEORY} {VERSUS} {OBSERVATIONS}
},

	journal = {The Astrophysical Journal}
}

@article{Diemer15,
	doi = {10.1088/0004-637x/799/1/108},

	url = {https://doi.org/10.1088%2F0004-637x%2F799%2F1%2F108},

	year = 2015,
	month = {jan},

	publisher = {American Astronomical Society},

	volume = {799},

	number = {1},

	pages = {108},

	author = {Benedikt Diemer and Andrey V. Kravtsov},

	title = {A {UNIVERSAL} {MODEL} {FOR} {HALO} {CONCENTRATIONS}
},

	journal = {The Astrophysical Journal}
}

@article{Duffy08,
	doi = {10.1111/j.1745-3933.2008.00537.x},

	url = {https://doi.org/10.1111%2Fj.1745-3933.2008.00537.x},

	year = 2008,
	month = {oct},

	publisher = {Oxford University Press ({OUP})},

	volume = {390},

	number = {1},

	pages = {L64--L68},

	author = {Alan R. Duffy and Joop Schaye and Scott T. Kay and Claudio Dalla Vecchia},

	title = {Dark matter halo concentrations in the$\less$i$\greater$Wilkinson Microwave Anisotropy Probe$\less$/i$\greater$year 5 cosmology},

	journal = {Monthly Notices of the Royal Astronomical Society: Letters}
}

@article{Ishiyama21,
	doi = {10.1093/mnras/stab1755},

	url = {https://doi.org/10.1093%2Fmnras%2Fstab1755},

	year = 2021,
	month = {jun},

	publisher = {Oxford University Press ({OUP})},

	volume = {506},

	number = {3},

	pages = {4210--4231},

	author = {Tomoaki Ishiyama and Francisco Prada and Anatoly A Klypin and Manodeep Sinha and R Benton Metcalf and Eric Jullo and Bruno Altieri and Sof{\'{\i}
}a A Cora and Darren Croton and Sylvain de~la~Torre and David E Mill{\'{a}}n-Calero and Taira Oogi and Jos{\'{e}} Ruedas and Cristian A Vega-Mart{\'{\i}}nez},

	title = {The Uchuu simulations: Data Release 1 and dark matter halo concentrations},

	journal = {Monthly Notices of the Royal Astronomical Society}
}

@article{Klypin11,
	doi = {10.1088/0004-637x/740/2/102},

	url = {https://doi.org/10.1088%2F0004-637x%2F740%2F2%2F102},

	year = 2011,
	month = {oct},

	publisher = {American Astronomical Society},

	volume = {740},

	number = {2},

	pages = {102},

	author = {Anatoly A. Klypin and Sebastian Trujillo-Gomez and Joel Primack},

	title = {{DARK} {MATTER} {HALOS} {IN} {THE} {STANDARD} {COSMOLOGICAL} {MODEL}: {RESULTS} {FROM} {THE} {BOLSHOI} {SIMULATION}
},

	journal = {The Astrophysical Journal}
}

@article{Prada12,
	doi = {10.1111/j.1365-2966.2012.21007.x},

	url = {https://doi.org/10.1111%2Fj.1365-2966.2012.21007.x},

	year = 2012,
	month = {jun},

	publisher = {Oxford University Press ({OUP})},

	volume = {423},

	number = {4},

	pages = {3018--3030},

	author = {Francisco Prada and Anatoly A. Klypin and Antonio J. Cuesta and Juan E. Betancort-Rijo and Joel Primack},

	title = {Halo concentrations in the standard $\{upLambda}$ cold dark matter cosmology},

	journal = {Monthly Notices of the Royal Astronomical Society}
}

@article{Bhattacharya11,
	doi = {10.1088/0004-637x/732/2/122},

	url = {https://doi.org/10.1088%2F0004-637x%2F732%2F2%2F122},

	year = 2011,
	month = {apr},

	publisher = {American Astronomical Society},

	volume = {732},

	number = {2},

	pages = {122},

	author = {Suman Bhattacharya and Katrin Heitmann and Martin White and Zarija Luki{\'{c}
} and Christian Wagner and Salman Habib},

	title = {{MASS} {FUNCTION} {PREDICTIONS} {BEYOND} $\{upLambda}${CDM}},

	journal = {The Astrophysical Journal}
}

@article{Sheth01,
	doi = {10.1046/j.1365-8711.2001.04006.x},

	url = {https://doi.org/10.1046%2Fj.1365-8711.2001.04006.x},

	year = 2001,
	month = {may},

	publisher = {Oxford University Press ({OUP})},

	volume = {323},

	number = {1},

	pages = {1--12},

	author = {R. K. Sheth and H. J. Mo and G. Tormen},

	title = {Ellipsoidal collapse and an improved model for the number and spatial distribution of dark matter haloes},

	journal = {Monthly Notices of the Royal Astronomical Society}
}

@article{Sheth99,
	doi = {10.1046/j.1365-8711.1999.02692.x},

	url = {https://doi.org/10.1046%2Fj.1365-8711.1999.02692.x},

	year = 1999,
	month = {sep},

	publisher = {Oxford University Press ({OUP})},

	volume = {308},

	number = {1},

	pages = {119--126},

	author = {Ravi K. Sheth and Giuseppe Tormen},

	title = {Large-scale bias and the peak background split},

	journal = {Monthly Notices of the Royal Astronomical Society}
}

@article{Tinker10,
	doi = {10.1088/0004-637x/724/2/878},

	url = {https://doi.org/10.1088%2F0004-637x%2F724%2F2%2F878},

	year = 2010,
	month = {nov},

	publisher = {American Astronomical Society},

	volume = {724},

	number = {2},

	pages = {878--886},

	author = {Jeremy L. Tinker and Brant E. Robertson and Andrey V. Kravtsov and Anatoly Klypin and Michael S. Warren and Gustavo Yepes and Stefan Gottlöber},

	title = {{THE} {LARGE}-{SCALE} {BIAS} {OF} {DARK} {MATTER} {HALOS}: {NUMERICAL} {CALIBRATION} {AND} {MODEL} {TESTS}
},

	journal = {The Astrophysical Journal}
}

@article{Angulo12,
	doi = {10.1111/j.1365-2966.2012.21830.x},

	url = {https://doi.org/10.1111%2Fj.1365-2966.2012.21830.x},

	year = 2012,
	month = {oct},

	publisher = {Oxford University Press ({OUP})},

	volume = {426},

	number = {3},

	pages = {2046--2062},

	author = {R. E. Angulo and V. Springel and S. D. M. White and A. Jenkins and C. M. Baugh and C. S. Frenk},

	title = {Scaling relations for galaxy clusters in the Millennium-{XXL} simulation},

	journal = {Monthly Notices of the Royal Astronomical Society}
}

@article{Bocquet16,
	doi = {10.1093/mnras/stv2657},

	url = {https://doi.org/10.1093%2Fmnras%2Fstv2657},

	year = 2015,
	month = {dec},

	publisher = {Oxford University Press ({OUP})},

	volume = {456},

	number = {3},

	pages = {2361--2373},

	author = {Sebastian Bocquet and Alex Saro and Klaus Dolag and Joseph J. Mohr},

	title = {Halo mass function: baryon impact, fitting formulae, and implications for cluster cosmology},

	journal = {Monthly Notices of the Royal Astronomical Society}
}

@article{Despali16,
	doi = {10.1093/mnras/stv2842},

	url = {https://doi.org/10.1093%2Fmnras%2Fstv2842},

	year = 2015,
	month = {dec},

	publisher = {Oxford University Press ({OUP})},

	volume = {456},

	number = {3},

	pages = {2486--2504},

	author = {Giulia Despali and Carlo Giocoli and Raul E. Angulo and Giuseppe Tormen and Ravi K. Sheth and Giacomo Baso and Lauro Moscardini},

	title = {The universality of the virial halo mass function and models for non-universality of other halo definitions},

	journal = {Monthly Notices of the Royal Astronomical Society}
}

@article{Jenkins01,
	doi = {10.1046/j.1365-8711.2001.04029.x},

	url = {https://doi.org/10.1046%2Fj.1365-8711.2001.04029.x},

	year = 2001,
	month = {feb},

	publisher = {Oxford University Press ({OUP})},

	volume = {321},

	number = {2},

	pages = {372--384},

	author = {A. Jenkins and C. S. Frenk and S. D. M. White and J. M. Colberg and S. Cole and A. E. Evrard and H. M. P. Couchman and N. Yoshida},

	title = {The mass function of dark matter haloes},

	journal = {Monthly Notices of the Royal Astronomical Society}
}

@ARTICLE{Press74,
       author = {{Press}, William H. and {Schechter}, Paul},
        title = "{Formation of Galaxies and Clusters of Galaxies by Self-Similar Gravitational Condensation}",
      journal = {\apj},
         year = 1974,
        month = feb,
       volume = {187},
        pages = {425-438},
          doi = {10.1086/152650},
       adsurl = {https://ui.adsabs.harvard.edu/abs/1974ApJ...187..425P},
      adsnote = {Provided by the SAO/NASA Astrophysics Data System}
}

@article{Tinker08,
	doi = {10.1086/591439},

	url = {https://doi.org/10.1086%2F591439},

	year = 2008,
	month = {dec},

	publisher = {American Astronomical Society},

	volume = {688},

	number = {2},

	pages = {709--728},

	author = {Jeremy Tinker and Andrey V. Kravtsov and Anatoly Klypin and Kevork Abazajian and Michael Warren and Gustavo Yepes and Stefan Gottlöber and Daniel E. Holz},

	title = {Toward a Halo Mass Function for Precision Cosmology: The Limits of Universality},

	journal = {The Astrophysical Journal}
}

@article{Watson13,
	doi = {10.1093/mnras/stt791},

	url = {https://doi.org/10.1093%2Fmnras%2Fstt791},

	year = 2013,
	month = {jun},

	publisher = {Oxford University Press ({OUP})},

	volume = {433},

	number = {2},

	pages = {1230--1245},

	author = {William A. Watson and Ilian T. Iliev and Anson D'Aloisio and Alexander Knebe and Paul R. Shapiro and Gustavo Yepes},

	title = {The halo mass function through the cosmic ages},

	journal = {Monthly Notices of the Royal Astronomical Society}
}
